<?xml version="1.0" encoding="UTF-8"?><collection xmlns="http://www.loc.gov/MARC21/slim"><record><leader>00443nam--2200181-i-4500</leader><controlfield tag="001">000004592</controlfield><controlfield tag="002">20161230</controlfield><controlfield tag="005">20161230201026</controlfield><controlfield tag="008">060222s1000------------r-----000-0-rus-d</controlfield><datafield ind1=" " ind2=" " tag="040"><subfield code="a">IFIN-HH</subfield></datafield><datafield ind1=" " ind2=" " tag="041"><subfield code="a">rus</subfield></datafield><datafield ind1=" " ind2=" " tag="080"><subfield code="a">539.14</subfield></datafield><datafield ind1="1" ind2=" " tag="100"><subfield code="a">Davidov, A. S</subfield></datafield><datafield ind1="1" ind2="0" tag="245"><subfield code="a">Vozbujdennie sostoiania atomnih iader</subfield><subfield code="c">A.s. davidov</subfield></datafield><datafield ind1=" " ind2=" " tag="260"><subfield code="a">Moskva</subfield><subfield code="b">Atomizdat</subfield><subfield code="c">1967</subfield></datafield><datafield ind1=" " ind2=" " tag="300"><subfield code="a">263P</subfield></datafield><datafield ind1=" " ind2=" " tag="852"><subfield code="a">25831</subfield><subfield code="c">539.14</subfield></datafield><datafield ind1=" " ind2=" " tag="CAT"><subfield code="a">Sys</subfield><subfield code="c">20120327</subfield><subfield code="h">090620</subfield></datafield></record></collection>